<record xmlns="http://www.loc.gov/MARC21/slim">
  <leader>01574cam a2200361 | 4500</leader>
  <controlfield tag="001">98006</controlfield>
  <controlfield tag="008">091176s1974    nyu           1     eng l</controlfield>
  <datafield tag="010" ind1=" " ind2=" ">
    <subfield code="a">   74012149</subfield>
  </datafield>
  <datafield tag="020" ind1=" " ind2=" ">
    <subfield code="a">0306308134</subfield>
  </datafield>
  <datafield tag="035" ind1=" " ind2=" ">
    <subfield code="a">ocm01100157</subfield>
  </datafield>
  <datafield tag="040" ind1=" " ind2=" ">
    <subfield code="a">DLC</subfield>
    <subfield code="b">eng</subfield>
  </datafield>
  <datafield tag="049" ind1=" " ind2=" ">
    <subfield code="a">aeu</subfield>
    <subfield code="b">eng</subfield>
  </datafield>
  <datafield tag="050" ind1="0" ind2=" ">
    <subfield code="a">QH 442</subfield>
    <subfield code="b">G324 1974</subfield>
  </datafield>
  <datafield tag="090" ind1="0" ind2=" ">
    <subfield code="a">QH/442/.G46</subfield>
    <subfield code="b">GPRC</subfield>
  </datafield>
  <datafield tag="090" ind1="0" ind2="0">
    <subfield code="a">QH 442 G324 1974</subfield>
    <subfield code="b">SC</subfield>
  </datafield>
  <datafield tag="090" ind1="0" ind2="0">
    <subfield code="a">QH 442 G324 1974</subfield>
    <subfield code="b">MD</subfield>
  </datafield>
  <datafield tag="245" ind1="0" ind2="0">
    <subfield code="a">Genetic responsibility: </subfield>
    <subfield code="b">on choosing our children&apos;s genes.</subfield>
    <subfield code="c">Edited by Mack Lipkin, Jr., and Peter T. Rowley.</subfield>
  </datafield>
  <datafield tag="260" ind1="0" ind2=" ">
    <subfield code="a">New York, </subfield>
    <subfield code="b">Plenum Press, </subfield>
    <subfield code="c">c1974.</subfield>
  </datafield>
  <datafield tag="300" ind1=" " ind2=" ">
    <subfield code="a">176 p.  </subfield>
    <subfield code="c">24 cm.</subfield>
  </datafield>
  <datafield tag="500" ind1=" " ind2=" ">
    <subfield code="a">Proceedings of the symposium &quot;Genetics, Man and Society,&quot; held at the American Association for the Advancement of Science meeting, Dec. 29, 1972, and sponsored by the Task Force on Genetics and Reproduction at Yale University and the Youth Council of the American Association for the Advancement of Science.</subfield>
  </datafield>
  <datafield tag="596" ind1=" " ind2=" ">
    <subfield code="a">28 42 48</subfield>
  </datafield>
  <datafield tag="650" ind1=" " ind2="0">
    <subfield code="a">Genetic engineering</subfield>
    <subfield code="x">Social aspects</subfield>
    <subfield code="x">Congresses.</subfield>
  </datafield>
  <datafield tag="650" ind1=" " ind2="0">
    <subfield code="a">Medical genetics</subfield>
    <subfield code="x">Congresses.</subfield>
  </datafield>
  <datafield tag="650" ind1=" " ind2="0">
    <subfield code="a">Genetic counseling</subfield>
    <subfield code="x">Congresses.</subfield>
  </datafield>
  <datafield tag="700" ind1="1" ind2=" ">
    <subfield code="a">Lipkin, Mack.</subfield>
  </datafield>
  <datafield tag="700" ind1="1" ind2=" ">
    <subfield code="a">Rowley, Peter T.,</subfield>
    <subfield code="d">1929-</subfield>
  </datafield>
  <datafield tag="710" ind1="2" ind2=" ">
    <subfield code="a">Task Force on Genetics and Reproduction at Yale University.</subfield>
  </datafield>
  <datafield tag="710" ind1="2" ind2=" ">
    <subfield code="a">American Association for the Advancement of Science.</subfield>
    <subfield code="b">Youth Council.</subfield>
  </datafield>
  <datafield tag="740" ind1=" " ind2=" ">
    <subfield code="a">Genetics, man, and society.</subfield>
  </datafield>
  <datafield tag="039" ind1="0" ind2=" ">
    <subfield code="a">0150182X</subfield>
    <subfield code="f">DSZ</subfield>
  </datafield>
  <datafield tag="926" ind1=" " ind2=" ">
    <subfield code="a">GPRC</subfield>
    <subfield code="b">ON_SHELF</subfield>
    <subfield code="c">QH 442 .G46</subfield>
    <subfield code="d">BOOK</subfield>
    <subfield code="f">1</subfield>
  </datafield>
  <datafield tag="926" ind1=" " ind2=" ">
    <subfield code="a">UAHLTHSC</subfield>
    <subfield code="b">ON_SHELF</subfield>
    <subfield code="c">QH 442 G324 1974</subfield>
    <subfield code="d">BOOK</subfield>
    <subfield code="f">2</subfield>
  </datafield>
  <datafield tag="926" ind1=" " ind2=" ">
    <subfield code="a">UASCITECH</subfield>
    <subfield code="b">ON_SHELF</subfield>
    <subfield code="c">QH 442 G324 1974</subfield>
    <subfield code="d">BOOK</subfield>
    <subfield code="f">1</subfield>
  </datafield>
</record>
